@article{knuth84,
  author = {Knuth, Donald E.},
  title = {Literate Programming},
  year = {1984},
  issue_date = {May 1984},
  publisher = {Oxford University Press, Inc.},
  address = {USA},
  volume = {27},
  number = {2},
  issn = {0010-4620},
  url = {https://doi.org/10.1093/comjnl/27.2.97},
  doi = {10.1093/comjnl/27.2.97},
  journal = {Comput. J.},
  month = may,
  pages = {97â€“111},
  numpages = {15}
}

@inproceedings{qiPointNet2017,
  title = {{{PointNet}}: {{Deep Learning}} on {{Point Sets}} for {{3D Classification}} and {{Segmentation}}},
  shorttitle = {{{PointNet}}},
  booktitle = {Proceedings of the {{IEEE Conference}} on {{Computer Vision}} and {{Pattern Recognition}}},
  author = {Qi, Charles R. and Su, Hao and Mo, Kaichun and Guibas, Leonidas J.},
  year = {2017},
  pages = {652--660},
  urldate = {2022-10-12}
}

@inproceedings{qiPointNet++2017,
  title = {{{PointNet}}++: {{Deep Hierarchical Feature Learning}} on {{Point Sets}} in a {{Metric Space}}},
  shorttitle = {{{PointNet}}++},
  booktitle = {Advances in {{Neural Information Processing Systems}}},
  author = {Qi, Charles Ruizhongtai and Yi, Li and Su, Hao and Guibas, Leonidas J},
  year = {2017},
  volume = {30},
  publisher = {Curran Associates, Inc.},
  urldate = {2022-10-12}
}


